@Inbook{Wang2005,
author="Wang, Xiaoyun
and Yin, Yiqun Lisa
and Yu, Hongbo",
editor="Shoup, Victor",
title="Finding Collisions in the Full SHA-1",
bookTitle="Advances in Cryptology -- CRYPTO 2005: 25th Annual International Cryptology Conference, Santa Barbara, California, USA, August 14-18, 2005. Proceedings",
year="2005",
publisher="Springer Berlin Heidelberg",
address="Berlin, Heidelberg",
pages="17--36",
isbn="978-3-540-31870-5",
doi="10.1007/11535218_2",
url="http://dx.doi.org/10.1007/11535218_2"
}

